@article{McGeer01041990,
  author = {McGeer, Tad}, 
  title = {\href{http://ijr.sagepub.com/content/9/2/62.abstract}{Passive Dynamic Walking}}, 
  volume = {9}, 
  number = {2}, 
  pages = {62-82}, 
  year = {1990}, 
  doi = {10.1177/027836499000900206}, 
  URL = {http://ijr.sagepub.com/content/9/2/62.abstract}, 
  eprint = {http://ijr.sagepub.com/content/9/2/62.full.pdf+html}, 
  journaltitle = {The International Journal of Robotics Research}
}
@article{kalman1960new,
  title={A new approach to linear filtering and prediction problems},
  author={Kalman, R.E.},
  journaltitle={Journal of Basic Engineering},
  volume={82},
  number={1},
  pages={35--45},
  year={1960},
  publisher={Citeseer}
}

@book{Mason,
 author = {Mason, Matthew T.},
 title = {Mechanics of Robotic Manipulation},
 year = {2001},
 isbn = {0-262-13396-2},
 publisher = {MIT Press},
 address = {Cambridge, MA, USA},
} 
@book{Rockafellar,
  title={Variational Analysis},
  author={Rockafellar, R Tyrrell and Wets, Roger J-B},
  volume={317},
  year={2009},
  publisher={Springer Science \& Business Media}
}
@phdthesis{Mason1982,
 author = {Mason, Matthew T},
 title = {Manipulator Grasping and Pushing Operations},
 year = {1982},
 source = {http://www.ncstrl.org:8900/ncstrl/servlet/search?formname=detail\&id=oai%3Ancstrlh%3Amitai%3AMIT-AILab%2F%2FAITR-690},
 publisher = {Massachusetts Institute of Technology},
 institution = {MIT},
 address = {Cambridge, MA, USA},
} 
@article{hiriart1985images,
  title={Images of connected sets by semicontinuous multifunctions},
  author={Hiriart-Urruty, J-B},
  journaltitle={Journal of Mathematical Analysis and Applications},
  volume={111},
  number={2},
  pages={407--422},
  year={1985},
  publisher={Elsevier}
}
@article{alexander1993bounds,
  title={Bounds on the friction-dominated motion of a pushed object},
  author={Alexander, JC and Maddocks, JH},
  journaltitle={The International Journal of Robotics Research},
  volume={12},
  number={3},
  pages={231--248},
  year={1993},
  publisher={Sage Publications}
}
@article{peshkin1988motion,
  title={The motion of a pushed, sliding workpiece},
  author={Peshkin, Michael A and Sanderson, Arthur C},
  journaltitle={IEEE Journal on Robotics and Automation},
  volume={4},
  number={6},
  pages={569--598},
  year={1988},
  publisher={IEEE}
}
@misc{gurobi,
   author = "Gurobi Optimization, Inc.",
   title = "Gurobi Optimizer Reference Manual",
   year = 2016,
   url = "http://www.gurobi.com"
}
@article{lynch1995pulling,
  title={Pulling by pushing, slip with infinite friction, and perfectly rough surfaces},
  author={Lynch, Kevin M and Mason, Matthew T},
  journaltitle={The International journal of robotics research},
  volume={14},
  number={2},
  pages={174--183},
  year={1995},
  publisher={Sage Publications Sage CA: Thousand Oaks, CA}
}
@inproceedings{tassa2014control,
  title={Control-limited differential dynamic programming},
  author={Tassa, Yuval and Mansard, Nicolas and Todorov, Emo},
  booktitle={Robotics and Automation (ICRA), 2014 IEEE International Conference on},
  pages={1168--1175},
  year={2014},
  organization={IEEE}
}
@article{dubins1957curves,
  title={On curves of minimal length with a constraint on average curvature, and with prescribed initial and terminal positions and tangents},
  author={Dubins, Lester E},
  journaltitle={American Journal of mathematics},
  volume={79},
  number={3},
  pages={497--516},
  year={1957},
  publisher={JSTOR}
}
@article{lavalle1999planning,
  title={Planning algorithms},
  author={LaValle, Steven M},
  journaltitle={University of Illinois},
  volume={2004},
  year={1999},
  publisher={Citeseer}
}
@article{IlgMSKDB16,
  author    = {Eddy Ilg and
               Nikolaus Mayer and
               Tonmoy Saikia and
               Margret Keuper and
               Alexey Dosovitskiy and
               Thomas Brox},
  title     = {FlowNet 2.0: Evolution of Optical Flow Estimation with Deep Networks},
  journaltitle   = {CoRR},
  volume    = {abs/1612.01925},
  year      = {2016},
  url       = {http://arxiv.org/abs/1612.01925},
  timestamp = {Mon, 02 Jan 2017 11:09:15 +0100},
  biburl    = {http://dblp.uni-trier.de/rec/bib/journals/corr/IlgMSKDB16},
  bibsource = {dblp computer science bibliography, http://dblp.org}
}
@article{FischerDIHHGSCB15,
  author    = {Philipp Fischer and
               Alexey Dosovitskiy and
               Eddy Ilg and
               Philip H{\"{a}}usser and
               Caner Hazirbas and
               Vladimir Golkov and
               Patrick van der Smagt and
               Daniel Cremers and
               Thomas Brox},
  title     = {FlowNet: Learning Optical Flow with Convolutional Networks},
  journaltitle   = {CoRR},
  volume    = {abs/1504.06852},
  year      = {2015},
  url       = {http://arxiv.org/abs/1504.06852},
  timestamp = {Sat, 02 May 2015 17:50:32 +0200},
  biburl    = {http://dblp.uni-trier.de/rec/bib/journals/corr/FischerDIHHGSCB15},
  bibsource = {dblp computer science bibliography, http://dblp.org}
}
@article{YuBFR16,
  author    = {Kuan{-}Ting Yu and
               Maria Bauz{\'{a}} and
               Nima Fazeli and
               Alberto Rodriguez},
  title     = {More than a Million Ways to Be Pushed: {A} High-Fidelity Experimental
               Data Set of Planar Pushing},
  journaltitle   = {CoRR},
  volume    = {abs/1604.04038},
  year      = {2016},
  url       = {http://arxiv.org/abs/1604.04038},
  timestamp = {Mon, 02 May 2016 18:22:52 +0200},
  biburl    = {http://dblp.uni-trier.de/rec/bib/journals/corr/YuBFR16},
  bibsource = {dblp computer science bibliography, http://dblp.org}
}
@inproceedings{zhou2016convex,
  title={A convex polynomial force-motion model for planar sliding: Identification and application},
  author={Zhou, Jiaji and Paolini, Robert and Bagnell, J Andrew and Mason, Matthew T},
  booktitle={Robotics and Automation (ICRA), 2016 IEEE International Conference on},
  pages={372--377},
  year={2016},
  organization={IEEE}
}
@article{howe1996practical,
  title={Practical force-motion models for sliding manipulation},
  author={Howe, Robert D and Cutkosky, Mark R},
  journaltitle={The International Journal of Robotics Research},
  volume={15},
  number={6},
  pages={557--572},
  year={1996},
  publisher={Sage Publications Sage CA: Thousand Oaks, CA}
}
@article{goyal1991planar,
  title={Planar sliding with dry friction part 1. limit surface and moment function},
  author={Goyal, Suresh and Ruina, Andy and Papadopoulos, Jim},
  journaltitle={Wear},
  volume={143},
  number={2},
  pages={307--330},
  year={1991},
  publisher={Elsevier}
}
@article{mason1986,
  title={On the Scope of Quasi-Static Pushing},
  author={Mason, M. T.},
  journaltitle={ISRR},
  year=1986,
  publisher={MIT Press}
}
@article{lynch1996stable,
author = {Kevin M. Lynch and Matthew T. Mason},
title = {Stable Pushing: Mechanics, Controllability, and Planning},
journaltitle = {The International Journal of Robotics Research},
volume = {15},
number = {6},
pages = {533-556},
year = {1996},
doi = {10.1177/027836499601500602},
}
@book{Thrun2005,
 author = {Thrun, Sebastian and Burgard, Wolfram and Fox, Dieter},
 title = {Probabilistic Robotics (Intelligent Robotics and Autonomous Agents)},
 year = {2005},
 isbn = {0262201623},
 publisher = {The MIT Press},
} 
@article{silver2016mastering,
  title={Mastering the game of Go with deep neural networks and tree search},
  author={Silver, David and Huang, Aja and Maddison, Chris J and Guez, Arthur and Sifre, Laurent and Van Den Driessche, George and Schrittwieser, Julian and Antonoglou, Ioannis and Panneershelvam, Veda and Lanctot, Marc and others},
  journaltitle={Nature},
  volume={529},
  number={7587},
  pages={484--489},
  year={2016},
  publisher={Nature Publishing Group}
}
@article{ChenPK0Y16,
  author    = {Liang{-}Chieh Chen and
               George Papandreou and
               Iasonas Kokkinos and
               Kevin Murphy and
               Alan L. Yuille},
  title     = {DeepLab: Semantic Image Segmentation with Deep Convolutional Nets,
               Atrous Convolution, and Fully Connected CRFs},
  journaltitle   = {CoRR},
  volume    = {abs/1606.00915},
  year      = {2016},
  url       = {http://arxiv.org/abs/1606.00915},
  timestamp = {Fri, 01 Jul 2016 17:39:49 +0200},
  biburl    = {http://dblp.uni-trier.de/rec/bib/journals/corr/ChenPK0Y16},
  bibsource = {dblp computer science bibliography, http://dblp.org}
}
@article{zhou17dubin,
    author  = "Zhou, Jiaji and Mason, Matthew T",
    journaltitle = {Manuscript in submission},
    title   = "Pushing Revisited: Differential Flatness, Trajectory Planning and Stabilization",
    year    = "2017",
}
@misc{chollet2015keras,
  title={Keras},
  author={Chollet, Fran\c{c}ois and others},
  year={2015},
  publisher={GitHub},
  howpublished={\url{https://github.com/fchollet/keras}},
}
@inproceedings{mordatch2015interactive,
  title={Interactive control of diverse complex characters with neural networks},
  author={Mordatch, Igor and Lowrey, Kendall and Andrew, Galen and Popovic, Zoran and Todorov, Emanuel V},
  booktitle={Advances in Neural Information Processing Systems},
  pages={3132--3140},
  year={2015}
}
@inproceedings{zucker2008adaptive,
  title={Adaptive workspace biasing for sampling-based planners},
  author={Zucker, Matt and Kuffner, James and Bagnell, J Andrew},
  booktitle={Robotics and Automation, 2008. ICRA 2008. IEEE International Conference on},
  pages={3757--3762},
  year={2008},
  organization={IEEE}
}
@inproceedings{gupta2012using,
  title={Using manipulation primitives for brick sorting in clutter},
  author={Gupta, Megha and Sukhatme, Gaurav S},
  booktitle={Robotics and Automation (ICRA), IEEE International Conference on},
  pages={3883--3889},
  year={2012},
  organization={IEEE}
}
@inproceedings{finn2016unsupervised,
  title={Unsupervised learning for physical interaction through video prediction},
  author={Finn, Chelsea and Goodfellow, Ian and Levine, Sergey},
  booktitle={Advances in Neural Information Processing Systems},
  pages={64--72},
  year={2016}
}
@inproceedings{clavera2017policy,
  title={Policy Transfer via Modularity},
  author={Clavera, Ignasi and Held, David and Abbeel, Pieter},
  booktitle={Intelligent Robots and Systems (IROS), IEEE International Conference on},
  pages={},
  year={2017}
}
@inproceedings{pinto2016supersizing,
  title={Supersizing self-supervision: Learning to grasp from 50k tries and 700 robot hours},
  author={Pinto, Lerrel and Gupta, Abhinav},
  booktitle={Robotics and Automation (ICRA), 2016 IEEE International Conference on},
  pages={3406--3413},
  year={2016},
  organization={IEEE}
}
@article{levine2016end,
  title={End-to-end training of deep visuomotor policies},
  author={Levine, Sergey and Finn, Chelsea and Darrell, Trevor and Abbeel, Pieter},
  journaltitle={Journal of Machine Learning Research},
  volume={17},
  number={39},
  pages={1--40},
  year={2016}
}
@article{levine2016learning,
  title={Learning hand-eye coordination for robotic grasping with deep learning and large-scale data collection},
  author={Levine, Sergey and Pastor, Peter and Krizhevsky, Alex and Ibarz, Julian and Quillen, Deirdre},
  journaltitle={The International Journal of Robotics Research},
  pages={0278364917710318},
  year={2016},
  publisher={SAGE Publications Sage UK: London, England}
}
@inproceedings{laskey2016robot,
  title={Robot grasping in clutter: Using a hierarchy of supervisors for learning from demonstrations},
  author={Laskey, Michael and Lee, Jonathan and Chuck, Caleb and Gealy, David and Hsieh, Wesley and Pokorny, Florian T and Dragan, Anca D and Goldberg, Ken},
  booktitle={Automation Science and Engineering (CASE), 2016 IEEE International Conference on},
  pages={827--834},
  year={2016},
  organization={IEEE}
}
@article{lavalle2001randomized,
  title={Randomized kinodynamic planning},
  author={LaValle, Steven M and Kuffner Jr, James J},
  journaltitle={The International Journal of Robotics Research},
  volume={20},
  number={5},
  pages={378--400},
  year={2001},
  publisher={SAGE Publications}
}
@article{lavalle1998rapidly,
  title={Rapidly-exploring random trees: A new tool for path planning},
  author={LaValle, Steven M},
  journaltitle={},
  year={1998},
  publisher={Citeseer}
}
@inproceedings{huang2018sorting,
  title={From Intractable to Tractable: Pushing and Sorting Clutter Using Learned Sampling Heuristics and Greedy Search},
  author={Huang, Eric and Boots, Byron and Mason, Matthew T.},
  journaltitle={Submitted to IEEE International Conference on Robotics and Automation (ICRA)},
  year={2018}
}

@article{jonker1987shortest,
  title={A shortest augmenting path algorithm for dense and sparse linear assignment problems},
  author={Jonker, Roy and Volgenant, Anton},
  journal={Computing},
  volume={38},
  number={4},
  pages={325--340},
  year={1987},
  publisher={Springer}
}

@inproceedings{king2017unobservable,
  title={Unobservable Monte Carlo planning for nonprehensile rearrangement tasks},
  author={King, J. and Ranganeni, V. and Srinivasa, S. S.},
  booktitle="{IEEE} International Conference on Robotics and Automation",
  year={2017}
}

@inproceedings{king2016objectcentric,
  title={Rearrangement planning using object-centric and robot-centric action spaces},
  author={King, J. and Cognetti, M. and Srinivasa, S.S.},
  booktitle="{IEEE} International Conference on Robotics and Automation",
  year={2016}
}

@inproceedings{koval2015bandit,
  title={Robust Trajectory Selection for Rearrangement Planning as a Multi-Armed Bandit Problem},
  author={Koval, M. and King, J. and Pollard, N.S. and Srinivasa, S.S.},
  booktitle="{IEEE/RSJ} International Conference on Intelligent Robots and Systems",
  year={2015}
}

@inproceedings{haustein2015dynamictransitions,
  title={Kinodynamic Randomized Rearrangement Planning via Dynamic Transitions between Statically Stable Configurations},
  author={Haustein, J.A. and King, J. and Srinivasa, S.S. and Asfour, T.},
  booktitle="{IEEE} International Conference on Robotics and Automation",
  year={2015}
}

@inproceedings{king2015physicsrrt,
  title={Nonprehensile Whole Arm Rearrangement Planning with Physics Manifolds},
  author={King, J. and Haustein, J.A. and Srinivasa, S.S. and Asfour, T.},
  booktitle="{IEEE} International Conference on Robotics and Automation",
  year={2015}
}

@article{eitel2017learning,
  title     = {Learning to Singulate Objects using a Push Proposal Network},
  author    = {Andreas Eitel and
               Nico Hauff and
               Wolfram Burgard},
  journal   = {"International Symposium on Robotics Research"},
  year      = {2017},
}

@article{center1984shakey,
  title={SHAKEY THE ROBOT},
  author={Center, Artificial Intellgence},
  year={1984}
}

@article{stilman2005navigation,
  title={Navigation among movable obstacles: Real-time reasoning in complex environments},
  author={Stilman, Mike and Kuffner, James J},
  journal={International Journal of Humanoid Robotics},
  volume={2},
  number={04},
  pages={479--503},
  year={2005},
  publisher={World Scientific}
}

@article{dogar2011framework,
  title={A framework for push-grasping in clutter},
  author={Dogar, Mehmet and Srinivasa, Siddhartha},
  journal={Robotics: Science and systems VII},
  volume={7},
  year={2011},
  publisher={MIT Press}
}

@article{zhou17fast,
  title={A fast stochastic contact model for planar pushing and grasping: Theory and experimental validation},
  author={Zhou, Jiaji and Bagnell, J Andrew and Mason, Matthew T},
  journal={Robotics: Science and systems XIII},
  year={2017},
  publisher={MIT Press}
}

@article{cabi2017intentional,
  author    = {Serkan Cabi and
               Sergio Gomez Colmenarejo and
               Matthew W. Hoffman and
               Misha Denil and
               Ziyu Wang and
               Nando de Freitas},
  title     = {The Intentional Unintentional Agent: Learning to Solve Many Continuous
               Control Tasks Simultaneously},
  journal   = {Conference on Robot Learning},
  year      = {2017},
}
@INPROCEEDINGS{stilman2007manipulation,
author={M. Stilman and J. U. Schamburek and J. Kuffner and T. Asfour}, 
booktitle={Proceedings 2007 IEEE International Conference on Robotics and Automation}, 
title={Manipulation Planning Among Movable Obstacles}, 
year={2007}, 
volume={}, 
number={}, 
pages={3327-3332}, 
keywords={manipulators;motion control;path planning;search problems;manipulation planning;movable obstacles;nonlinear search space;object placements;object surface sampling;resolve spatial constraints algorithm;reverse-time search;task-space motion;Computer science;Manipulators;Motion analysis;Motion planning;Object detection;Orbital robotics;Robot kinematics;Robotic assembly;Robotics and automation;USA Councils}, 
doi={10.1109/ROBOT.2007.363986}, 
ISSN={1050-4729}, 
month={April},}

@Inbook{Barry2013,
author="Barry, Jennifer
and Hsiao, Kaijen
and Kaelbling, Leslie Pack
and Lozano-Perez, Tomas",
editor="Desai, Jaydev P.
and Dudek, Gregory
and Khatib, Oussama
and Kumar, Vijay",
title="Manipulation with Multiple Action Types",
bookTitle="Experimental Robotics: The 13th International Symposium on Experimental Robotics",
year="2013",
publisher="Springer International Publishing",
address="Heidelberg",
pages="531--545",
abstract="We present DARRT, a sampling-based algorithm for planning with multiple types of manipulation. Given a robot, a set of movable objects, and a set of actions for manipulating the objects, DARRT returns a sequence of manipulation actions that move the robot and objects from an initial configuration to a final configuration. The manipulation actions may be non-prehensile,meaning that the object is not rigidly attached to the robot, such as push, tilt, or pull. We describe a simple extension to the RRT algorithm to search the combined space of robot and objects and present an implementation of DARRT on the Willow Garage PR2 robot.",
isbn="978-3-319-00065-7",
doi="10.1007/978-3-319-00065-7_36",
url="https://doi.org/10.1007/978-3-319-00065-7_36"
}

@article{Chang2012InteractiveSO,
  title={Interactive singulation of objects from a pile},
  author={Lillian Y. Chang and Joshua R. Smith and Dieter Fox},
  journal={2012 IEEE International Conference on Robotics and Automation},
  year={2012},
  pages={3875-3882}
}
@ARTICLE{Browne2012Survey,
author={C. B. Browne and E. Powley and D. Whitehouse and S. M. Lucas and P. I. Cowling and P. Rohlfshagen and S. Tavener and D. Perez and S. Samothrakis and S. Colton}, 
journal={IEEE Transactions on Computational Intelligence and AI in Games}, 
title={A Survey of Monte Carlo Tree Search Methods}, 
year={2012}, 
volume={4}, 
number={1}, 
pages={1-43}, 
keywords={Monte Carlo methods;game theory;tree searching;MCTS research;Monte carlo tree search methods;computer Go;key game;nongame domains;random sampling generality;Artificial intelligence;Computers;Decision theory;Game theory;Games;Markov processes;Monte Carlo methods;Artificial intelligence (AI);Monte Carlo tree search (MCTS);bandit-based methods;computer Go;game search;upper confidence bounds (UCB);upper confidence bounds for trees (UCT)}, 
doi={10.1109/TCIAIG.2012.2186810}, 
ISSN={1943-068X}, 
month={March},}
@article{Wilfong1988MotionPI,
  title={Motion planning in the presence of movable obstacles},
  author={Gordon T. Wilfong},
  journal={Annals of Mathematics and Artificial Intelligence},
  year={1988},
  volume={3},
  pages={131-150}
}

@inproceedings{krontiris2015dealing,
  title={Dealing with Difficult Instances of Object Rearrangement.},
  author={Krontiris, Athanasios and Bekris, Kostas E},
  booktitle={Robotics: Science and Systems},
  year={2015}
}

@inproceedings{han2017high,
  title={High-quality tabletop rearrangement with overhand grasps: Hardness results and fast methods},
  author={Han, Shuai D and Stiffler, Nicholas M and Krontiris, Athansios and Bekris, Kostas E and Yu, Jingjin},
  booktitle={arXiv preprint arXiv:1705.09180},
  year={2017}
}
@article{demaine2017pushpull,
  author    = {Erik D. Demaine and
               Isaac Grosof and
               Jayson Lynch},
  title     = {Push-Pull Block Puzzles are Hard},
  journal   = {CoRR},
  volume    = {abs/1709.01241},
  year      = {2017},
  url       = {http://arxiv.org/abs/1709.01241},
  archivePrefix = {arXiv},
  eprint    = {1709.01241},
  timestamp = {Thu, 05 Oct 2017 09:42:47 +0200},
  biburl    = {https://dblp.org/rec/bib/journals/corr/abs-1709-01241},
  bibsource = {dblp computer science bibliography, https://dblp.org}
}
@inproceedings{chang2012interactive,
  title={Interactive singulation of objects from a pile},
  author={Chang, Lillian and Smith, Joshua R and Fox, Dieter},
  booktitle={Robotics and Automation (ICRA), 2012 IEEE International Conference on},
  pages={3875--3882},
  year={2012},
  organization={IEEE}
}
@inproceedings{hermans2012guided,
  title={Guided pushing for object singulation},
  author={Hermans, Tucker and Rehg, James M and Bobick, Aaron},
  booktitle={Intelligent Robots and Systems (IROS), 2012 IEEE/RSJ International Conference on},
  pages={4783--4790},
  year={2012},
  organization={IEEE}
}

@inproceedings{wang2016apriltag,
  title={AprilTag 2: Efficient and robust fiducial detection.},
  author={Wang, John and Olson, Edwin},
  booktitle={IROS},
  pages={4193--4198},
  year={2016}
}

@online{cattoBox2D,
  author={Erin Catto},
  title={Box2D},
  year=2013,
  url={https://box2d.org}
}

@inproceedings{ratner1986finding,
  title={Finding a Shortest Solution for the N$\times$ N Extension of the 15-PUZZLE Is Intractable.},
  author={Ratner, Daniel and Warmuth, Manfred K},
  booktitle={AAAI},
  pages={168--172},
  year={1986}
}

@article{danielczuk2018linear,
  title={Linear Push Policies to Increase Grasp Access for Robot Bin Picking},
  author={Danielczuk, Michael and Mahler, Jeffrey and Correa, Chris and Goldberg, Ken},
  journal={CASE},
  year={2018}
}

@article{haustein2018learning,
  title={Learning Manipulation States and Actions for Efficient Non-prehensile Rearrangement Planning},
  author={Haustein, Joshua A and Arnekvist, Isac and Stork, Johannes and Hang, Kaiyu and Kragic, Danica}
}

@article{Yuan2018RearrangementWN,
  title={Rearrangement with Nonprehensile Manipulation Using Deep Reinforcement Learning},
  author={Weihao Yuan and Johannes A. Stork and Danica Kragic and Michael Yu Wang and Kaiyu Hang},
  journal={IROS},
  year={2018},
  volume={abs/1803.05752}
}

@article{Zeng2018LearningSB,
  title={Learning Synergies between Pushing and Grasping with Self-supervised Deep Reinforcement Learning},
  author={Andy Zeng and Shuran Song and Stefan Welker and Johnny Lee and Alberto Rodriguez and Thomas A. Funkhouser},
  journal={IROS},
  year={2018},
  volume={abs/1803.09956}
}

@article{ben1998practical,
  title={Practical pushing planning for rearrangement tasks},
  author={Ben-Shahar, Ohad and Rivlin, Ehud},
  journal={IEEE Transactions on Robotics and Automation},
  volume={14},
  number={4},
  pages={549--565},
  year={1998},
  publisher={IEEE}
}

@article{agboh2018realtime,
  title={Real-Time Online Re-Planning for Grasping Under Clutter and Uncertainty},
  author={Agboh, Wisdom C. and Dogar, Mehmet R.},
  journal={CoRR},
  year={2018},
  url={https://arxiv.org/abs/1807.09049}
}

@inproceedings{Bejjani2018PlanningWA,
  title={Planning with a Receding Horizon for Manipulation in Clutter using a Learned Value Function},
  author={Wissam Bejjani and Rafael Papallas and Matteo Leonetti and Mehmet Remzi Dogar},
  journal={CoRR},
  year={2018},
  url={https://arxiv.org/abs/1803.08100}
}

@article{muhayyuddin2018randomized,
  abstract = "Planning motions to grasp an object in cluttered and
  		  uncertain environments is a challenging task, particularly
  		  when a collision-free trajectory does not exist and objects
  		  obstructing the way are required to be carefully grasped
  		  and moved out. This paper takes a different approach and
  		  proposes to address this problem by using a randomized
  		  physics-based motion planner that permits robot-object and
  		  object-object interactions. The main idea is to avoid an
  		  explicit high-level reasoning of the task by providing the
  		  motion planner with a physics engine to evaluate possible
  		  complex multi-body dynamical interactions. The approach is
  		  able to solve the problem in complex scenarios, also
  		  considering uncertainty in the objects' pose and in the
  		  contact dynamics. The work enhances the state validity
  		  checker, the control sampler and the tree exploration
  		  strategy of a kinodynamic motion planner called KPIECE. The
  		  enhanced algorithm, called p-KPIECE, has been validated in
  		  simulation and with real experiments. The results have been
  		  compared with an ontological physics-based motion planner
  		  and with task and motion planning approaches, resulting in
  		  a significant improvement in terms of planning time,
  		  success rate and quality of the solution path.",
  author = "Muhayyuddin and Moll, Mark and Kavraki, Lydia E. and Rosell, Jan",
  doi = "10.1109/LRA.2017.2783445",
  journal = "IEEE Robotics and Automation Letters",
  keywords = "Physics-based motion planning, planning under
  		  uncertainties, clutter grasping",
  month = apr,
  number = "2",
  pages = "712--719",
  title = "Randomized Physics-based Motion Planning for Grasping in
  		  Cluttered and Uncertain Environments",
  volume = "3",
  year = "2018"
}

@incollection{lourencco2003iterated,
  title={Iterated local search},
  author={Louren{\c{c}}o, Helena R and Martin, Olivier C and St{\"u}tzle, Thomas},
  booktitle={Handbook of metaheuristics},
  pages={320--353},
  year={2003},
  publisher={Springer}
}

@inproceedings{andersICRA18,
title={Reliably arranging objects in uncertain domains},
author={Ariel S. Anders and Leslie P. Kaelbling and Tomas Lozano-Perez},
booktitle={IEEE Conference on Robotics and Automation (ICRA)},
year={2018},
keywords={Manipulation Planning},
url={http://lis.csail.mit.edu/pubs/anders-icra18.pdf}
}

@article{Trinkle2005ATS,
  title={A time-stepping scheme for quasistatic multibody systems},
  author={J. Trinkle and Stephen Berard and J. S. Pang},
  journal={(ISATP 2005). The 6th IEEE International Symposium on Assembly and Task Planning: From Nano to Macro Assembly and Manufacturing, 2005.},
  year={2005},
  pages={174-181}
}

@article{stewart1996implicit,
  title={An implicit time-stepping scheme for rigid body dynamics with inelastic collisions and coulomb friction},
  author={Stewart, David E and Trinkle, Jeffrey C},
  journal={International Journal for Numerical Methods in Engineering},
  volume={39},
  number={15},
  pages={2673--2691},
  year={1996},
  publisher={Wiley Online Library}
}

@article{nol2018ContactImplicitTO,
  title={Contact-Implicit Trajectory Optimization Based on a Variable Smooth Contact Model and Successive Convexification},
  author={Aykut {\"O}zg{\"u}n {\"O}nol and Philip Long and Taskin Padir},
  journal={ArXiv},
  year={2018},
  volume={abs/1810.10462}
}

@article{posa2014direct,
  title={A direct method for trajectory optimization of rigid bodies through contact},
  author={Posa, Michael and Cantu, Cecilia and Tedrake, Russ},
  journal={The International Journal of Robotics Research},
  volume={33},
  number={1},
  pages={69--81},
  year={2014},
  publisher={Sage Publications Sage UK: London, England}
}

@inproceedings{tassa2012synthesis,
  title={Synthesis and stabilization of complex behaviors through online trajectory optimization},
  author={Tassa, Yuval and Erez, Tom and Todorov, Emanuel},
  booktitle={2012 IEEE/RSJ International Conference on Intelligent Robots and Systems},
  pages={4906--4913},
  year={2012},
  organization={IEEE}
}