
@article{fogel_minkowski_nodate,
	title = {Minkowski {Sums} - {Minkowski} {Sum}—definition, complexity, construction, applications},
	language = {pl},
	author = {Fogel, Efi},
	pages = {54},
	file = {Fogel - Minkowski Sums - Minkowski Sum—definition, complex.pdf:/home/ehuang/Zotero/storage/8WF9LCA6/Fogel - Minkowski Sums - Minkowski Sum—definition, complex.pdf:application/pdf}
}

@article{fukuda_zonotope_2004,
	title = {From the zonotope construction to the {Minkowski} addition of convex polytopes},
	volume = {38},
	issn = {07477171},
	url = {https://linkinghub.elsevier.com/retrieve/pii/S0747717104000409},
	doi = {10.1016/j.jsc.2003.08.007},
	abstract = {A zonotope is the Minkowski addition of line segments in Rd. The zonotope construction problem is to list all extreme points of a zonotope given by its line segments. By duality, it is equivalent to the arrangement construction problem that is to generate all regions of an arrangement of hyperplanes.},
	language = {en},
	number = {4},
	urldate = {2020-01-12},
	journal = {Journal of Symbolic Computation},
	author = {Fukuda, Komei},
	month = oct,
	year = {2004},
	pages = {1261--1272},
	file = {Fukuda - 2004 - From the zonotope construction to the Minkowski ad.pdf:/home/ehuang/Zotero/storage/LF35EM5L/Fukuda - 2004 - From the zonotope construction to the Minkowski ad.pdf:application/pdf}
}

@misc{noauthor_doi101016jejor200304011_nodate,
	title = {doi:10.1016/j.ejor.2003.04.011 {\textbar} {Elsevier} {Enhanced} {Reader}},
	shorttitle = {doi},
	url = {https://reader.elsevier.com/reader/sd/pii/S0377221704003352?token=7520D8360154599B87F433BEB1957BE1AA3248CC1D5437C55F8BDA32DE7C4D941A8D78A5B6F24A8ED5B4DCE41C58CE9B},
	language = {en},
	urldate = {2020-01-12},
	doi = {10.1016/j.ejor.2003.04.011},
	file = {Snapshot:/home/ehuang/Zotero/storage/CEIPIPCW/S0377221704003352.html:text/html;Submitted Version:/home/ehuang/Zotero/storage/TZYMITPK/doi10.1016j.ejor.2003.04.011  Elsevier Enhanced.pdf:application/pdf}
}

@book{edelsbrunner_algorithms_2005,
	address = {Berlin},
	title = {Algorithms in combinatorial geometry},
	isbn = {978-3-642-64873-1 978-3-642-61568-9},
	language = {en},
	publisher = {Springer-Verlag},
	author = {Edelsbrunner, Herbert and {Springer-Verlag (Berlin)}},
	year = {2005},
	note = {OCLC: 890383639},
	file = {1987_Book_AlgorithmsInCombinatorialGeome.pdf:/home/ehuang/Downloads/dumbat/1987_Book_AlgorithmsInCombinatorialGeome.pdf:application/pdf}
}

@inproceedings{haas-heger_passive_2018,
	address = {Pittsburgh, Pennsylvania},
	title = {Passive {Static} {Equilibrium} with {Frictional} {Contacts} and {Application} to {Grasp} {Stability} {Analysis}},
	doi = {10.15607/RSS.2018.XIV.064},
	booktitle = {Proceedings of {Robotics}: {Science} and {Systems}},
	author = {Haas-Heger, Maximilian and Papadimitriou, Christos and Yannakakis, Mihalis and Iyengar, Garud and Ciocarlie, Matei},
	month = jun,
	year = {2018}
}

@book{mason_mechanics_2001,
	title = {Mechanics of robotic manipulation},
	publisher = {MIT press},
	author = {Mason, Matthew T},
	year = {2001}
}